<record xmlns="http://www.loc.gov/MARC21/slim" xmlns:xsi="http://www.w3.org/2001/XMLSchema-instance" xsi:schemaLocation="http://www.loc.gov/MARC21/slim http://www.loc.gov/standards/marcxml/schema/MARC21slim.xsd"><leader>02610nam a2200433   4500</leader><controlfield tag="001">1677770</controlfield><controlfield tag="003">NIC</controlfield><controlfield tag="006">m        d        </controlfield><controlfield tag="007">cr cn |||m|||a</controlfield><controlfield tag="008">150223s1978    iq      ob   f000 p araod</controlfield><datafield ind1=" " ind2=" " tag="040"><subfield code="a">NNU</subfield><subfield code="b">eng</subfield><subfield code="e">rda</subfield><subfield code="c">NNU</subfield></datafield><datafield ind1=" " ind2="4" tag="050"><subfield code="a">PJ7860.A84</subfield><subfield code="b">M35 1978</subfield></datafield><datafield ind1="1" ind2=" " tag="100"><subfield code="6">880-01</subfield><subfield code="a">Ra&#772;wi&#772;, &#699;Adna&#772;n,</subfield><subfield code="d">1925-1967.</subfield></datafield><datafield ind1="1" ind2="0" tag="240"><subfield code="a">Works.</subfield><subfield code="f">1978</subfield></datafield><datafield ind1="1" ind2="3" tag="245"><subfield code="6">880-02</subfield><subfield code="a">al-Majmu&#772;&#699;ah al-shi&#699;ri&#772;yah al-ka&#772;milah lil-sha&#772;&#699;ir &#699;Adna&#772;n al-Ra&#772;wi&#772;, 1925-1967 /</subfield><subfield code="c">jam&#699; wa-tah&#803;qi&#772;q &#699;Abd Alla&#772;h al-Jubu&#772;ri&#772;.</subfield></datafield><datafield ind1=" " ind2=" " tag="260"><subfield code="6">880-03</subfield><subfield code="a">Baghda&#772;d :</subfield><subfield code="b">al-Jumhu&#772;ri&#772;yah al-&#699;Ira&#772;qi&#772;yah, Wiza&#772;rat al-Thaqa&#772;fah wa-al-Funu&#772;n,</subfield><subfield code="c">1978.</subfield></datafield><datafield ind1=" " ind2=" " tag="300"><subfield code="a">online resource (459 pages)</subfield></datafield><datafield ind1=" " ind2=" " tag="336"><subfield code="a">text</subfield><subfield code="2">rdacontent</subfield></datafield><datafield ind1=" " ind2=" " tag="337"><subfield code="a">computer</subfield><subfield code="2">rdamedia</subfield></datafield><datafield ind1=" " ind2=" " tag="338"><subfield code="a">online resource</subfield><subfield code="2">rdacarrier</subfield></datafield><datafield ind1="1" ind2=" " tag="490"><subfield code="6">880-04</subfield><subfield code="a">Silsilat di&#772;wa&#772;n al-shi&#699;r al-&#699;Arabi&#772; al-h&#803;adi&#772;th ;</subfield><subfield code="v">105</subfield></datafield><datafield ind1=" " ind2=" " tag="500"><subfield code="a">Part of the Arabic Collections Online (ACO) project, contributed by Cornell University Libraries.</subfield></datafield><datafield ind1=" " ind2=" " tag="504"><subfield code="a">Includes bibliographical references.</subfield></datafield><datafield ind1=" " ind2=" " tag="533"><subfield code="a">Electronic reproduction.</subfield><subfield code="b">New York, N.Y. :</subfield><subfield code="c">New York University,</subfield><subfield code="d">2015.</subfield><subfield code="5">NNU</subfield></datafield><datafield ind1="1" ind2=" " tag="700"><subfield code="6">880-05</subfield><subfield code="a">Jubu&#772;ri&#772;, &#699;Abd Alla&#772;h.</subfield></datafield><datafield ind1="2" ind2=" " tag="710"><subfield code="a">Cornell University.</subfield><subfield code="b">Libraries.</subfield></datafield><datafield ind1="0" ind2=" " tag="730"><subfield code="a">Arabic Collections Online.</subfield></datafield><datafield ind1="0" ind2="8" tag="776"><subfield code="i">Online version:</subfield><subfield code="a">Ra&#772;wi&#772;, &#699;Adna&#772;n, 1925-1967.</subfield><subfield code="s">Works. 1978.</subfield><subfield code="t">Majmu&#772;&#699;ah al-shi&#699;ri&#772;yah al-ka&#772;milah lil-sha&#772;&#699;ir &#699;Adna&#772;n al-Ra&#772;wi&#772;, 1925-1967.</subfield><subfield code="d">Baghda&#772;d : al-Jumhu&#772;ri&#772;yah al-&#699;Ira&#772;qi&#772;yah, Wiza&#772;rat al-Thaqa&#772;fah wa-al-Funu&#772;n, 1978</subfield><subfield code="w">(OCoLC)609458130</subfield></datafield><datafield ind1="0" ind2="8" tag="776"><subfield code="i">Print version:</subfield><subfield code="a">Ra&#772;wi&#772;, &#699;Adna&#772;n, 1925-1967.</subfield><subfield code="t">al-Majmu&#772;&#699;ah al-shi&#699;ri&#772;yah al-ka&#772;milah lil-sha&#772;&#699;ir &#699;Adna&#772;n al-Ra&#772;wi&#772;, 1925-1967</subfield><subfield code="w">(NIC)1677770</subfield><subfield code="w">(OCoLC)17017909</subfield></datafield><datafield ind1=" " ind2="0" tag="830"><subfield code="6">880-06</subfield><subfield code="a">Silsilat di&#772;wa&#772;n al-shi&#699;r al-&#699;Arabi&#772; al-h&#803;adi&#772;th ;</subfield><subfield code="v">105.</subfield></datafield><datafield ind1="4" ind2="0" tag="856"><subfield code="u">http://hdl.handle.net/2333.1/rfj6q7gk</subfield></datafield><datafield ind1="1" ind2=" " tag="880"><subfield code="6">100-01/r</subfield><subfield code="a">&#1585;&#1575;&#1608;&#1610;&#1548; &#1593;&#1583;&#1606;&#1575;&#1606;&#1548;</subfield><subfield code="d">1925-1967.</subfield></datafield><datafield ind1="1" ind2="2" tag="880"><subfield code="6">245-02/r</subfield><subfield code="a">&#1575;&#1604;&#1605;&#1580;&#1605;&#1608;&#1593;&#1577; &#1575;&#1604;&#1588;&#1593;&#1585;&#1610;&#1577; &#1575;&#1604;&#1603;&#1575;&#1605;&#1604;&#1577; &#1604;&#1604;&#1588;&#1575;&#1593;&#1585; &#1593;&#1583;&#1606;&#1575;&#1606; &#1575;&#1604;&#1585;&#1575;&#1608;&#1610;&#1548; 1925-1967 /</subfield><subfield code="c">&#1580;&#1605;&#1593; &#1608;&#1578;&#1581;&#1602;&#1610;&#1602; &#1593;&#1576;&#1583; &#1575;&#1604;&#1604;&#1607; &#1575;&#1604;&#1580;&#1576;&#1608;&#1585;&#1610;.</subfield></datafield><datafield ind1=" " ind2=" " tag="880"><subfield code="6">260-03/r</subfield><subfield code="a">&#1576;&#1594;&#1583;&#1575;&#1583; :</subfield><subfield code="b">&#1575;&#1604;&#1580;&#1605;&#1607;&#1608;&#1585;&#1610;&#1577; &#1575;&#1604;&#1593;&#1585;&#1575;&#1602;&#1610;&#1577;&#1548; &#1608;&#1586;&#1575;&#1585;&#1577; &#1575;&#1604;&#1579;&#1602;&#1575;&#1601;&#1577; &#1608;&#1575;&#1604;&#1601;&#1606;&#1608;&#1606;&#1548;</subfield><subfield code="c">1978.</subfield></datafield><datafield ind1="1" ind2=" " tag="880"><subfield code="6">490-04/r</subfield><subfield code="a">&#1587;&#1604;&#1587;&#1604;&#1577; &#1583;&#1610;&#1608;&#1575;&#1606; &#1575;&#1604;&#1588;&#1593;&#1585; &#1575;&#1604;&#1593;&#1585;&#1576;&#1610; &#1575;&#1604;&#1581;&#1583;&#1610;&#1579; &#1563;</subfield><subfield code="v">105</subfield></datafield><datafield ind1="1" ind2=" " tag="880"><subfield code="6">700-05/r</subfield><subfield code="a">&#1580;&#1576;&#1608;&#1585;&#1610;&#1548; &#1593;&#1576;&#1583; &#1575;&#1604;&#1604;&#1607;.</subfield></datafield><datafield ind1=" " ind2="0" tag="880"><subfield code="6">830-06/r</subfield><subfield code="a">&#1587;&#1604;&#1587;&#1604;&#1577; &#1583;&#1610;&#1608;&#1575;&#1606; &#1575;&#1604;&#1588;&#1593;&#1585; &#1575;&#1604;&#1593;&#1585;&#1576;&#1610; &#1575;&#1604;&#1581;&#1583;&#1610;&#1579; &#1563; ;</subfield><subfield code="v">105.</subfield></datafield><datafield ind1=" " ind2=" " tag="959"><subfield code="a">NNU</subfield><subfield code="b">WEB</subfield><subfield code="c">GENI</subfield><subfield code="t">0</subfield><subfield code="m">Electronic access</subfield><subfield code="s">01</subfield></datafield><datafield ind1=" " ind2=" " tag="999"><subfield code="i">NIC_1677770</subfield><subfield code="o">(OCoLC)ocm17017909</subfield><subfield code="s">cornell_aco000020</subfield></datafield></record>